<collection xmlns="http://www.loc.gov/MARC21/slim"><record><leader>00960nam  2200265   450</leader><controlfield tag="001">889</controlfield><controlfield tag="003">http://montalegre.opacnet.com/OPAC/default.aspx?ContentAreaControl=ShowRegHoldings.ascx&amp;RegNo=16662</controlfield><controlfield tag="005">20</controlfield><datafield tag="010" ind1=" " ind2=" "><subfield code="a">972-564-624-X</subfield></datafield><datafield tag="021" ind1=" " ind2=" "><subfield code="a">PT</subfield><subfield code="b">214192/04</subfield></datafield><datafield tag="100" ind1=" " ind2=" "><subfield code="a">20061013d2004    m  y0pory0103    ba</subfield></datafield><datafield tag="101" ind1="1" ind2=" "><subfield code="a">por</subfield><subfield code="c">eng</subfield></datafield><datafield tag="102" ind1=" " ind2=" "><subfield code="a">PT</subfield></datafield><datafield tag="105" ind1=" " ind2=" "><subfield code="a">af  z   001yy</subfield></datafield><datafield tag="200" ind1="1" ind2=" "><subfield code="a">Maria Madalena e o Santo Graal</subfield><subfield code="e">&lt;a &gt;mulher do vaso de alabasto</subfield><subfield code="f">Margaret Starbird</subfield><subfield code="g">trad.: Irene Daun e Lorena, Nuno Daun e Lorena</subfield></datafield><datafield tag="210" ind1=" " ind2=" "><subfield code="a">Lisboa</subfield><subfield code="c">Quetzal</subfield><subfield code="d">2004</subfield></datafield><datafield tag="215" ind1=" " ind2=" "><subfield code="a">204, [1] p., [16] p. il.</subfield><subfield code="c">il.</subfield><subfield code="d">24 cm</subfield></datafield><datafield tag="304" ind1=" " ind2=" "><subfield code="a">Tít. orig.: The woman with the Alabaster Jar</subfield></datafield><datafield tag="606" ind1=" " ind2=" "><subfield code="a">Igreja Católica</subfield></datafield><datafield tag="675" ind1=" " ind2=" "><subfield code="a">27 MARIA MADALENA, Santa</subfield></datafield><datafield tag="700" ind1=" " ind2="1"><subfield code="a">Starbird</subfield><subfield code="b">Margaret</subfield></datafield><datafield tag="702" ind1=" " ind2="1"><subfield code="a">Lorena</subfield><subfield code="b">Irene Daun e</subfield><subfield code="4">730</subfield></datafield><datafield tag="702" ind1=" " ind2="1"><subfield code="a">Lorena</subfield><subfield code="b">Nuno Daun e</subfield><subfield code="4">730</subfield></datafield><datafield tag="801" ind1=" " ind2="0"><subfield code="a">PT</subfield><subfield code="b">Biblioteca Municipal de Montalegre</subfield><subfield code="g">RPC</subfield></datafield><datafield tag="856" ind1=" " ind2=" "><subfield code="u">locateMedia.asp?cod=20060628112542&amp;ext=jpg</subfield><subfield code="z">CAPA</subfield></datafield><datafield tag="909" ind1="&#9;" ind2=" "><subfield code="a">1</subfield></datafield><datafield tag="966" ind1=" " ind2=" "><subfield code="a">0016061</subfield><subfield code="l">BMM</subfield><subfield code="s">SCG 27 MARIA_MADALENA, Santa STA</subfield></datafield></record></collection>